<record><leader>00000cas a22000007a 4500</leader><controlfield tag="001">11665268</controlfield><controlfield tag="008">850206d1876187uinuwx ne      0    0eng d</controlfield><datafield ind1=" " ind2=" " tag="010"><subfield code="a">sn 85047685 </subfield></datafield><datafield ind1=" " ind2=" " tag="040"><subfield code="a">NPI</subfield><subfield code="b">eng</subfield><subfield code="c">NPI</subfield><subfield code="d">OCL</subfield><subfield code="d">OCLCQ</subfield></datafield><datafield ind1=" " ind2=" " tag="042"><subfield code="a">msc</subfield></datafield><datafield ind1="0" ind2="0" tag="245"><subfield code="a">Blue jeans.</subfield></datafield><datafield ind1=" " ind2=" " tag="260"><subfield code="a">Aurora, Ind. :</subfield><subfield code="b">Blue Jeans Co.,</subfield><subfield code="c">1876-</subfield></datafield><datafield ind1=" " ind2=" " tag="300"><subfield code="a">v. :</subfield><subfield code="b">ill. (chiefly advertisements) ;</subfield><subfield code="c">61 cm.</subfield></datafield><datafield ind1=" " ind2=" " tag="310"><subfield code="a">Weekly?</subfield></datafield><datafield ind1="0" ind2=" " tag="362"><subfield code="a">Vol. 1, no. 1 (Aug. 22, 1876)-</subfield></datafield><datafield ind1=" " ind2=" " tag="500"><subfield code="a">Subtitle: &lt;1876&gt;, "Choose ever that which has the fewest faults, and those least dangerous."</subfield></datafield><datafield ind1=" " ind2=" " tag="500"><subfield code="a">"Short-lived" Cf. Miller, John W. Indiana newspaper bibliog.</subfield></datafield><datafield ind1=" " ind2=" " tag="500"><subfield code="a">Democratic party and labor oriented Cf. Miller, John W. Indiana newspaper bibliog.</subfield></datafield><datafield ind1=" " ind2=" " tag="752"><subfield code="a">United States</subfield><subfield code="b">Indiana</subfield><subfield code="c">Dearborn</subfield><subfield code="d">Aurora.</subfield></datafield></record>